<?xml version="1.0" encoding="UTF-8"?><collection xmlns="http://www.loc.gov/MARC21/slim"><record><leader>00382nam--2200121-i-4500</leader><controlfield tag="001">000010170</controlfield><controlfield tag="002">20161230</controlfield><controlfield tag="005">20161230201028</controlfield><controlfield tag="008">060222s1000------------r-----000-0-eng-d</controlfield><datafield ind1=" " ind2=" " tag="080"><subfield code="a">550.93:550.4:048</subfield></datafield><datafield ind1=" " ind2=" " tag="245"><subfield code="a">Abstracts of geochronology and isotope geology no. 2- april 1972 (experimental issue)</subfield></datafield><datafield ind1=" " ind2=" " tag="260"><subfield code="a">Tervuren, Belgian Centre For Geochronology, 1972 /Pag. Dif.</subfield></datafield><datafield ind1=" " ind2=" " tag="852"><subfield code="a">36814</subfield></datafield></record></collection>